@MISC {1,
    TITLE = {Liminf and Limsups},
    AUTHOR = {John Quigg (\url{https://math.la.asu.edu/~quigg})},
    HOWPUBLISHED = {},
    NOTE = {\url{https:// math.la.asu.edu/~quigg/teach/courses/371/2005fall/lectures/limsup.pdf} (Lecture Note, Page 1, October 2005)},
    EPRINT = {https://math.la.asu.edu/~quigg},
    URL = { \url{https:// math.la.asu.edu/~quigg/teach/courses/371/2005fall/lectures/limsup.pdf}}
}

@MISC {2,
    TITLE = {Proof that there is no continuous, one-to-one map from the unit circle in $\mathbb{R}^2$ to $\mathbb{R}$.},
    AUTHOR = {Math1000 (\url{https://math.stackexchange.com/users/38584/math1000})},
    HOWPUBLISHED = {Mathematics Stack Exchange},
    NOTE = {\url{https://math.stackexchange.com/q/1092259} (version: 2015-01-05)},
    EPRINT = {\url{https://math.stackexchange.com/q/1092259}},
    URL = {\url{https://math.stackexchange.com/q/1092259}}
}

@MISC {3,
    TITLE = {No continuous injective map $f: S^1 \to \mathbb{R}$},
    AUTHOR = {Christian Blatter (\url{https://math.stackexchange.com/users/1303})},
    HOWPUBLISHED = {Mathematics Stack Exchange},
    NOTE = {\url{https://math.stackexchange.com/q/1273987} (version: 2015-05-09)},
    EPRINT = {\url{https://math.stackexchange.com/q/1273987}},
    URL = {\url{https://math.stackexchange.com/q/1273987}}
}